@book{kaufman2009finding,
  title={Finding groups in data: an introduction to cluster analysis},
  author={Kaufman, Leonard and Rousseeuw, Peter J},
  year={2009},
  publisher={John Wiley \& Sons}
}
@article{macnaughton1965some,
  title={Some statistical and other numerical techniques for classifying individuals},
  author={Macnaughton-Smith, PNM},
  year={1965}
}

@book{hastie2009elements,
  title={The elements of statistical learning: data mining, inference, and prediction},
  author={Hastie, Trevor and Tibshirani, Robert and Friedman, Jerome H and Friedman, Jerome H},
  volume={2},
  year={2009},
  publisher={Springer}
}
@article{lance1979inver,
  title={INVER: A program for the computation of distance-measures between attributes of mixed types},
  author={Lance, GN and Williams, WT},
  journal={Australian Computer Journal},
  volume={11},
  number={1},
  pages={27--28},
  year={1979}
}

@article{bock1974automatische,
  title={Automatische Klassifikation. Theoretische und praktische Methoden zur Gruppierung und Strukturierung von Daten},
  author={Bock, Hans Hermann},
  journal={Studia Mathematica/Mathematische Lehrb{\"u}cher},
  year={1974}
}

@inproceedings{florek1951liaison,
  title={Sur la liaison et la division des points d'un ensemble fini},
  author={Florek, Kazimierz and {\L}ukaszewicz, Jan and Perkal, Julian and Steinhaus, Hugo and Zubrzycki, Stefan},
  booktitle={Colloquium mathematicum},
  volume={2},
  number={3-4},
  pages={282--285},
  year={1951}
}

@article{sneath1957application,
  title={The application of computers to taxonomy},
  author={Sneath, Peter HA},
  journal={Microbiology},
  volume={17},
  number={1},
  pages={201--226},
  year={1957},
  publisher={Microbiology Society}
}
@article{mcquitty1960hierarchical,
  title={Hierarchical linkage analysis for the isolation of types},
  author={McQuitty, Louis L},
  journal={Educational and Psychological Measurement},
  volume={20},
  number={1},
  pages={55--67},
  year={1960},
  publisher={Sage Publications Sage CA: Thousand Oaks, CA}
}
@article{sokal1963principles,
  title={Principles of numerical taxonomy.},
  author={Sokal, Robert R and Sneath, Peter HA},
  year={1963}
}
@article{macnaughton1965some,
  title={Some statistical and other numerical techniques for classifying individuals},
  author={Macnaughton-Smith, PNM},
  year={1965}
}
@article{sokal1958statistical,
  title={A statistical method for evaluating systematic relationships},
  author={Sokal, Robert R and Michener, Charles D and others},
  year={1958},
  publisher={University of Kansas Scientific Bulletin}
}
@book{hastie2009elements,
  title={The elements of statistical learning: data mining, inference, and prediction},
  author={Hastie, Trevor and Tibshirani, Robert and Friedman, Jerome H and Friedman, Jerome H},
  volume={2},
  year={2009},
  publisher={Springer}
}
@article{macnaughton1965dissimilarity,
  title={Dissimilarity analysis: a new technique of hierarchical sub-division},
  author={Macnaughton-Smith, P and Williams, WT and Dale, MB and Mockett, LG},
  journal={Nature},
  volume={202},
  number={4936},
  pages={1034--1035},
  year={1965},
  publisher={Nature Publishing Group UK London}
}